{
  "leader": "02998cam a2200421Ia 4500",
  "fields": [
    {
      "001": "on1136369698"
    },
    {
      "003": "OCoLC"
    },
    {
      "005": "20221229160448.0"
    },
    {
      "008": "030925s2004\\\\\\\\njua\\\\\\\\\\b\\\\\\\\001\\0\\eng\\d"
    },
    {
      "010": {
        "ind1": "\\",
        "ind2": "\\",
        "subfields": [
          {
            "a": "  2003021211"
          }
        ]
      }
    },
    {
      "040": {
        "ind1": "\\",
        "ind2": "\\",
        "subfields": [
          {
            "a": "MIU"
          },
          {
            "b": "eng"
          },
          {
            "c": "MIU"
          },
          {
            "d": "OCLCO"
          },
          {
            "d": "OCLCF"
          },
          {
            "d": "EXG"
          },
          {
            "d": "PMC"
          },
          {
            "d": "OCLCO"
          }
        ]
      }
    },
    {
      "020": {
        "ind1": "\\",
        "ind2": "\\",
        "subfields": [
          {
            "a": "0471653667"
          },
          {
            "q": "(CLOTH)"
          }
        ]
      }
    },
    {
      "020": {
        "ind1": "\\",
        "ind2": "\\",
        "subfields": [
          {
            "a": "9780471653660"
          }
        ]
      }
    },
    {
      "035": {
        "ind1": "\\",
        "ind2": "\\",
        "subfields": [
          {
            "a": "(OCoLC)1136369698"
          }
        ]
      }
    },
    {
      "043": {
        "ind1": "\\",
        "ind2": "\\",
        "subfields": [
          {
            "a": "n-us---"
          }
        ]
      }
    },
    {
      "050": {
        "ind1": "\\",
        "ind2": "4",
        "subfields": [
          {
            "a": "HF5686.C7"
          },
          {
            "b": "R36 2004"
          }
        ]
      }
    },
    {
      "082": {
        "ind1": "0",
        "ind2": "0",
        "subfields": [
          {
            "a": "657.95"
          },
          {
            "b": "RAM"
          }
        ]
      }
    },
    {
      "100": {
        "ind1": "1",
        "ind2": "\\",
        "subfields": [
          {
            "a": "Ramos, Michael J."
          }
        ]
      }
    },
    {
      "245": {
        "ind1": "1",
        "ind2": "0",
        "subfields": [
          {
            "a": "How to comply with Sarbanes-Oxley section 404 :"
          },
          {
            "b": "assessing the effectiveness of internal control /"
          },
          {
            "c": "Michael Ramos."
          }
        ]
      }
    },
    {
      "260": {
        "ind1": "\\",
        "ind2": "\\",
        "subfields": [
          {
            "a": "Hoboken, NJ :"
          },
          {
            "b": "John Wiley,"
          },
          {
            "c": "2004."
          }
        ]
      }
    },
    {
      "300": {
        "ind1": "\\",
        "ind2": "\\",
        "subfields": [
          {
            "a": "xiv, 290 pages :"
          },
          {
            "b": "illustrations ;"
          },
          {
            "c": "24 cm."
          }
        ]
      }
    },
    {
      "336": {
        "ind1": "\\",
        "ind2": "\\",
        "subfields": [
          {
            "a": "text"
          },
          {
            "b": "txt"
          },
          {
            "2": "rdacontent"
          }
        ]
      }
    },
    {
      "337": {
        "ind1": "\\",
        "ind2": "\\",
        "subfields": [
          {
            "a": "unmediated"
          },
          {
            "b": "n"
          },
          {
            "2": "rdamedia"
          }
        ]
      }
    },
    {
      "338": {
        "ind1": "\\",
        "ind2": "\\",
        "subfields": [
          {
            "a": "volume"
          },
          {
            "b": "nc"
          },
          {
            "2": "rdacarrier"
          }
        ]
      }
    },
    {
      "504": {
        "ind1": "\\",
        "ind2": "\\",
        "subfields": [
          {
            "a": "Includes bibliographical references and index."
          }
        ]
      }
    },
    {
      "505": {
        "ind1": "0",
        "ind2": "\\",
        "subfields": [
          {
            "a": "The engagement approach -- Internal control criteria -- Project planning -- Identifying significant control objectives -- Documentation of significant controls -- Testing and evaluating entity-level controls -- Testing and evaluating activity-level controls -- Reporting."
          }
        ]
      }
    },
    {
      "520": {
        "ind1": "1",
        "ind2": "\\",
        "subfields": [
          {
            "a": "\"Effective in 2004, as a result of Section 404 of the Sarbanes-Oxley Act of 2002, all public companies will be required for the first time to submit an annual assessment of the effectiveness of their internal control to the SEC. Additionally, each corporation's independent auditors are required to audit and report on management's internal control reports, just as they audit the company's financial statements. How to Comply with Sarbanes-Oxley Section 404 provides a comprehensive, practical, and structured approach for the testing and evaluation of internal control required by Sarbanes-Oxley Section 404.\""
          }
        ]
      }
    },
    {
      "520": {
        "ind1": "8",
        "ind2": "\\",
        "subfields": [
          {
            "a": "\"Drawing on original material by an expert in auditing and accounting, How to Comply with Sarbanes-Oxley Section 404 features a step-by-step process for evaluating a company's internal control and proving these systems are effectively in place. This hands-on resource is packed with such practice aids as forms, checklists, illustrations, diagrams, and tables to assist anyone who participates in the planning or performance of an evaluation - including CFOs, internal auditors, and outside consultants.\"--Jacket."
          }
        ]
      }
    },
    {
      "650": {
        "ind1": "\\",
        "ind2": "0",
        "subfields": [
          {
            "a": "Corporations"
          },
          {
            "x": "Accounting"
          },
          {
            "x": "Corrupt practices"
          },
          {
            "z": "United States."
          }
        ]
      }
    },
    {
      "650": {
        "ind1": "\\",
        "ind2": "0",
        "subfields": [
          {
            "a": "Corporations"
          },
          {
            "x": "Accounting"
          },
          {
            "x": "Law and legislation"
          },
          {
            "z": "United States."
          }
        ]
      }
    },
    {
      "650": {
        "ind1": "\\",
        "ind2": "0",
        "subfields": [
          {
            "a": "Disclosure of information"
          },
          {
            "x": "Law and legislation"
          },
          {
            "z": "United States."
          }
        ]
      }
    },
    {
      "650": {
        "ind1": "\\",
        "ind2": "7",
        "subfields": [
          {
            "a": "Corporations"
          },
          {
            "x": "Accounting"
          },
          {
            "x": "Corrupt practices."
          },
          {
            "2": "fast"
          },
          {
            "0": "(OCoLC)fst00879781"
          }
        ]
      }
    },
    {
      "650": {
        "ind1": "\\",
        "ind2": "7",
        "subfields": [
          {
            "a": "Corporations"
          },
          {
            "x": "Accounting"
          },
          {
            "x": "Law and legislation."
          },
          {
            "2": "fast"
          },
          {
            "0": "(OCoLC)fst00879786"
          }
        ]
      }
    },
    {
      "650": {
        "ind1": "\\",
        "ind2": "7",
        "subfields": [
          {
            "a": "Disclosure of information"
          },
          {
            "x": "Law and legislation."
          },
          {
            "2": "fast"
          },
          {
            "0": "(OCoLC)fst00894874"
          }
        ]
      }
    },
    {
      "651": {
        "ind1": "\\",
        "ind2": "7",
        "subfields": [
          {
            "a": "United States."
          },
          {
            "2": "fast"
          },
          {
            "0": "(OCoLC)fst01204155"
          }
        ]
      }
    },
    {
      "994": {
        "ind1": "\\",
        "ind2": "\\",
        "subfields": [
          {
            "a": "Z0"
          },
          {
            "b": "NYRVC"
          }
        ]
      }
    },
    {
      "948": {
        "ind1": "\\",
        "ind2": "\\",
        "subfields": [
          {
            "h": "NO HOLDINGS IN NYRVC - 10 OTHER HOLDINGS"
          }
        ]
      }
    },
    {
      "999": {
        "ind1": "\\",
        "ind2": "\\",
        "subfields": [
          {
            "a": "00000000026469"
          }
        ]
      }
    }
  ]
}